@misc{jonaquino,
   author = {Aquino, Jon},
   howpublished = {http://jonaquino.blogspot.de/2010/04/nowebpy-or-worlds-first-executable-blog.html},
}
@misc{baechle,
   author = {Baechle, Dirk},
   howpublished = {https://bitbucket.org/dirkbaechle/pynoweb/},
}
@misc{noweb,
 author = {noweb},
 howpublished = {http://www.cs.tufts.edu/~nr/noweb/},
}

@misc{Ram94,
 author = {Ramsey, Norman},
 title = {Literate programming simplified},
 howpublished = {IEEE Software, 11(5):97-105, September 1994},
} 

@misc{AW,
 author = {Michael Reithinger},
 howpublished = {https://pypi.python.org/pypi/antiweb/0.2.2}
} 
